<record><leader>00000cas a2200000 a 4500</leader><controlfield tag="001">17350193</controlfield><controlfield tag="008">880115c19669999nyudr ne      0   a0eng c</controlfield><datafield ind1=" " ind2=" " tag="010"><subfield code="a">sn 88074101 </subfield></datafield><datafield ind1=" " ind2=" " tag="040"><subfield code="a">NYS</subfield><subfield code="b">eng</subfield><subfield code="c">NYS</subfield><subfield code="d">NSD</subfield><subfield code="d">NYS</subfield><subfield code="d">OCLCQ</subfield><subfield code="d">OCLCF</subfield><subfield code="d">OCLCO</subfield></datafield><datafield ind1=" " ind2=" " tag="012"><subfield code="m">1</subfield></datafield><datafield ind1=" " ind2=" " tag="019"><subfield code="a">990615046</subfield></datafield><datafield ind1="1" ind2=" " tag="022"><subfield code="a">1041-4754</subfield><subfield code="l">1041-4754</subfield><subfield code="2">1</subfield></datafield><datafield ind1="1" ind2=" " tag="029"><subfield code="a">AU@</subfield><subfield code="b">000020497857</subfield></datafield><datafield ind1=" " ind2=" " tag="032"><subfield code="a">443240</subfield><subfield code="b">USPS</subfield></datafield><datafield ind1=" " ind2=" " tag="037"><subfield code="b">170 Margaret St., Plattsburgh, NY 12901</subfield></datafield><datafield ind1=" " ind2=" " tag="042"><subfield code="a">pcc</subfield><subfield code="a">nsdp</subfield></datafield><datafield ind1=" " ind2=" " tag="043"><subfield code="a">n-us-ny</subfield></datafield><datafield ind1="0" ind2=" " tag="130"><subfield code="a">Press-Republican (Plattsburgh, N.Y. : Clinton County ed.)</subfield></datafield><datafield ind1=" " ind2="0" tag="222"><subfield code="a">Press-Republican</subfield></datafield><datafield ind1="0" ind2="0" tag="245"><subfield code="a">Press-Republican.</subfield></datafield><datafield ind1="3" ind2="0" tag="246"><subfield code="a">Press Republican</subfield></datafield><datafield ind1="3" ind2="0" tag="246"><subfield code="a">Press-extra</subfield></datafield><datafield ind1="3" ind2="0" tag="246"><subfield code="a">Press extra</subfield></datafield><datafield ind1=" " ind2=" " tag="250"><subfield code="a">Clinton County ed.</subfield></datafield><datafield ind1=" " ind2=" " tag="260"><subfield code="a">Plattsburgh, N.Y. :</subfield><subfield code="b">Plattsburgh Pub. Co.,</subfield><subfield code="c">1966-</subfield></datafield><datafield ind1=" " ind2=" " tag="300"><subfield code="a">v. :</subfield><subfield code="b">ill. (some col.) ;</subfield><subfield code="c">58 cm.</subfield></datafield><datafield ind1=" " ind2=" " tag="310"><subfield code="a">Daily (except holidays),</subfield><subfield code="b">&lt;Oct. 8, 1988&gt;-</subfield></datafield><datafield ind1=" " ind2=" " tag="321"><subfield code="a">Daily (except Sundays and holidays),</subfield><subfield code="b">&lt;June 25, 1970&gt;-</subfield></datafield><datafield ind1="0" ind2=" " tag="362"><subfield code="a">Vol. 73, no. 79 (Nov. 14, 1966)-</subfield></datafield><datafield ind1=" " ind2=" " tag="500"><subfield code="a">"The Hometown Newspaper of Clinton, Essex, Franklin Counties."</subfield></datafield><datafield ind1=" " ind2=" " tag="500"><subfield code="a">Issues carry "Clinton County Edition" statement, Nov. 14, 1966-Apr. 14, 1973.</subfield></datafield><datafield ind1=" " ind2=" " tag="500"><subfield code="a">Weekly supplements of previously published material issued as: Press-extra, &lt;1992-1993&gt;.</subfield></datafield><datafield ind1=" " ind2="0" tag="651"><subfield code="a">Plattsburgh (N.Y.)</subfield><subfield code="v">Newspapers.</subfield></datafield><datafield ind1=" " ind2="0" tag="651"><subfield code="a">Clinton County (N.Y.)</subfield><subfield code="v">Newspapers.</subfield></datafield><datafield ind1=" " ind2="7" tag="655"><subfield code="a">Newspapers.</subfield><subfield code="2">fast</subfield><subfield code="0">(OCoLC)fst01423814</subfield></datafield><datafield ind1=" " ind2="7" tag="651"><subfield code="a">New York (State)</subfield><subfield code="z">Clinton County.</subfield><subfield code="2">fast</subfield><subfield code="0">(OCoLC)fst01212830</subfield></datafield><datafield ind1=" " ind2="7" tag="651"><subfield code="a">New York (State)</subfield><subfield code="z">Plattsburgh.</subfield><subfield code="2">fast</subfield><subfield code="0">(OCoLC)fst01212838</subfield></datafield><datafield ind1=" " ind2=" " tag="752"><subfield code="a">United States</subfield><subfield code="b">New York</subfield><subfield code="c">Clinton</subfield><subfield code="d">Plattsburgh.</subfield></datafield><datafield ind1="0" ind2="1" tag="780"><subfield code="t">Plattsburgh press-Republican</subfield><subfield code="w">(DLC)sn 84031356</subfield><subfield code="w">(OCoLC)10928308</subfield></datafield><datafield ind1=" " ind2=" " tag="936"><subfield code="a">Vol. 105, no. 181 (Feb. 26, 1998) LIC</subfield></datafield></record>